%% This BibTeX bibliography file was created using BibDesk.
%% http://bibdesk.sourceforge.net
%% Created for Macbook air  at 2014-06-07 19:00:02 +0200


@article{bootstrapDoc,
	Author = {},
	Title = {\href{http://getbootstrap.com}{Bootstrap Docs} dostęp 2015-05-12},
	Url = {http://getbootstrap.com}}

@article{mongoDoc,
	Author = {},
	Title = {\href {http://docs.mongodb.org/manual/}{MongoDB Docs} dostęp 2015-05-12},
	Url = {http://docs.mongodb.org/manual/}}

@article{rspecDoc,
	Author = {},
	Title = {\href {http://rspec.info/}{Rspec Docs} dostęp 2015-05-12},
	Url = {http://rspec.info/}}

@article{railsDoc,
	Author = {},
	Title = {\href{http://rubyonrails.org/documentation}{Ruby on Rails Docs} dostęp 2015-05-12},
	Url = {http://rubyonrails.org/documentation}}

@article{emberDoc,
	Author = {},
	Title = {\href{http://emberjs.com}{EmberJs Docs} dostęp 2015-05-12},
	Url = {http://emberjs.com}}
@article{emberCLIDoc,
	Author = {},
	Title = {\href{http://www.ember-cli.com}{Ember CLI Docs} dostęp 2015-05-12},
	Url = {http://www.ember-cli.com}}
@article{emberRails,
	Author = {},
	Title = {\href{https://devmynd.com/blog/2014-7-rails-ember-js-with-the-ember-cli-redux-part-1-the-api-and-cms-with-ruby-on-rails}{Ember Rails } dostęp 2015-05-12},
	Url = {https://devmynd.com/blog/2014-7-rails-ember-js-with-the-ember-cli-redux-part-1-the-api-and-cms-with-ruby-on-rails}}
@article{emberTutorial,
	Author = {},
	Title = {\href{https://www.airpair.com/javascript/emberjs-using-ember-cli}{EmberJS Tutorial} dostęp 2015-05-12},
	Url = {https://www.airpair.com/javascript/emberjs-using-ember-cli}}
@article{emberIntro,
	Author = {},
	Title = {\href{http://www.smashingmagazine.com/2013/11/07/an-in-depth-introduction-to-ember-js/}{Introduction to Ember} dostęp 2015-05-12},
	Url = {http://www.smashingmagazine.com/2013/11/07/an-in-depth-introduction-to-ember-js/}}


@article{UIRails,
	Author = {Joe Fiorini},
	Publisher = {Coderwall},
	Title = {\href{https://coderwall.com/p/zg4zfq}{User Interface Thinking in Rails: An Example}},
	Url = {https://coderwall.com/p/zg4zfq/},
	Year = {2012}}

@book{magiaUI,
	Author = {Robert Hoekman jr},
	Date-Added = {2014-06-07 16:54:20 +0000},
	Date-Modified = {2014-06-07 16:56:03 +0000},
	Publisher = {Helion},
	Title = {\href{http://helion.pl/ksiazki/magia-interfejsu-praktyczne-metody-projektowania-aplikacji-internetowych-robert-hoekman-jr,magint.htm#szczegoly}{Magia interfejsu. Praktyczne metody projektowania aplikacji internetowych}},
	Year = {2010}}

@book{projektowanieUI,
	Author = {Jenifer Tidwell},
	Date-Added = {2014-06-07 16:52:24 +0000},
	Date-Modified = {2014-06-07 16:53:53 +0000},
	Publisher = {Helion},
	Title = {\href{http://helion.pl/ksiazki/projektowanie-interfejsow-sprawdzone-wzorce-projektowe-jenifer-tidwell,projin.htm}{Projektowanie interfejs{\'o}w. Sprawdzone wzorce projektowe}},
	Year = {2012}}
@book{DouglasCrockford,
	Author = {DouglasCrockford},
	Date-Added = {2014-06-07 16:52:24 +0000},
	Date-Modified = {2014-06-07 16:53:53 +0000},
	Publisher = {Helion},
	Title = {\href{http://helion.pl/ksiazki/javascript-mocne-strony-douglas-crockford,jscmoc.htm#szczegoly}{JavaScript - Mocne Strony}},
	Year = {2011}}

@book{design,
	Author = {Don Norman},
	Date-Added = {2014-06-07 16:49:11 +0000},
	Date-Modified = {2014-06-07 16:51:08 +0000},
	Publisher = {Basic Books},
	Title = {\href{http://www.amazon.com/Design-Everyday-Things-Donald-Norman/dp/0465067107}{The Design of Everyday Things}},
	Year = {2002}}

@book{StiveKrug,
	Author = {Steve Krug},
	Publisher = {Helion},
	Isbn = {83-246-0283-6},
	Title = {\href{http://helion.pl/ksiazki/nie-kaz-mi-myslec-o-zyciowym-podejsciu-do-funkcjonalnosci-stron-internetowych-steve-krug,niekaz}{Nie ka{\.z} mi my{\'s}le{\'c}! O {\.z}yciowym podej{\'s}ciu do funkcjonalno{\'s}ci stron internetowych}},
	Url = {http://helion.pl/ksiazki/nie-kaz-mi-myslec-o-zyciowym-podejsciu-do-funkcjonalnosci-stron-internetowych-steve-krug,niekaz},
	Year = {2012}}

@article{modelingUI,
	Author = {Rolf Hennicker Nora Koch},
	Publisher = {Ludwig-Maximilians-University of Munich},
	Title = {\href{http://www.pst.informatik.uni-muenchen.de/~kochn/pUML2001-Hen-Koch.pdf}{Modeling the User Interface of Web Applications}},
	Url = {http://www.pst.informatik.uni-muenchen.de/~kochn/pUML2001-Hen-Koch.pdf},
	Year = {2001}}
