%% This BibTeX bibliography file was created using BibDesk.
%% http://bibdesk.sourceforge.net
%% Created for Macbook air  at 2014-06-07 19:00:02 +0200



@article{angularDoc,
	Author = {},
	Date-Added = {2014-06-07 16:58:25 +0000},
	Date-Modified = {2014-06-07 16:59:42 +0000},
	Title = {\href{https://docs.angularjs.org/api}{AngularJS documentation}},
	Url = {https://docs.angularjs.org/api}

@article{mongoDoc,
	Author = {},
	Date-Added = {2014-06-07 16:58:25 +0000},
	Date-Modified = {2014-06-07 16:59:42 +0000},
	Title = {\href {http://docs.mongodb.org/manual/}{MongoDB documentation}},
	Url = {http://docs.mongodb.org/manual/}

@article{rspecDoc,
	Author = {},
	Date-Added = {2014-06-07 16:58:25 +0000},
	Date-Modified = {2014-06-07 16:59:42 +0000},
	Title = {\href {http://rspec.info/}{Rspec documentation}},
	Url = {http://rspec.info/}

@article{railsDoc,
	Author = {},
	Date-Added = {2014-06-07 16:58:25 +0000},
	Date-Modified = {2014-06-07 16:59:42 +0000},
	Title = {\href{http://rubyonrails.org/documentation}{Ruby on Rails documentation}},
	Url = {http://rubyonrails.org/documentation}

@article{UIRails,
	Author = {Joe Fiorini},
	Date-Added = {2014-06-07 16:58:25 +0000},
	Date-Modified = {2014-06-07 16:59:42 +0000},
	Title = {\href{https://coderwall.com/p/zg4zfq/}{User Interface Thinking in Rails: An Example}},
	Url = {https://coderwall.com/p/zg4zfq/}

@book{magiaUI,
	Author = {Robert Hoekman jr},
	Date-Added = {2014-06-07 16:54:20 +0000},
	Date-Modified = {2014-06-07 16:56:03 +0000},
	Publisher = {Helion},
	Title = {\href{http://helion.pl/ksiazki/magia-interfejsu-praktyczne-metody-projektowania-aplikacji-internetowych-robert-hoekman-jr,magint.htm#szczegoly}{Magia interfejsu. Praktyczne metody projektowania aplikacji internetowych}},
	Year = {2010}}

@book{projektowanieUI,
	Author = {Jenifer Tidwell-},
	Date-Added = {2014-06-07 16:52:24 +0000},
	Date-Modified = {2014-06-07 16:53:53 +0000},
	Publisher = {Helion},
	Title = {\href{http://helion.pl/ksiazki/projektowanie-interfejsow-sprawdzone-wzorce-projektowe-jenifer-tidwell,projin.htm}{Projektowanie interfejs{\'o}w. Sprawdzone wzorce projektowe}},
	Year = {2012}}

@book{design,
	Author = {Don Norman},
	Date-Added = {2014-06-07 16:49:11 +0000},
	Date-Modified = {2014-06-07 16:51:08 +0000},
	Publisher = {Basic Books},
	Title = {\href{http://www.amazon.com/Design-Everyday-Things-Donald-Norman/dp/0465067107}{The Design of Everyday Things}},
	Year = {2002}}

@article{rails4angular,
	Author = {Micha{\l} Kwiatkowski},
	Bibsource = {https://shellycloud.com/blog/2013/10/how-to-integrate-angularjs-with-rails-4},
	Date-Modified = {2014-06-07 16:57:46 +0000},
	Title = {\href{https://shellycloud.com/blog/2013/10/how-to-integrate-angularjs-with-rails-4}{How to integrate angularjs with rails}},
	Year = {2013}}

@article{modelingUI,
	Author = {Rolf Hennicker, Nora Koch},
	Date-Modified = {2014-06-07 16:48:52 +0000},
	Title = {\href{http://www.pst.informatik.uni-muenchen.de/~kochn/pUML2001-Hen-Koch.pdf}{Modeling the User Interface of Web Applications }},
	Url = {http://www.pst.informatik.uni-muenchen.de/~kochn/pUML2001-Hen-Koch.pdf},
	Year = {2001}

@book{StiveKrug,
	Author = {Steve Krug},
	Bibdate = {Fri Sep 13 06:33:58 MDT 2002},
	Date-Modified = {2014-06-07 16:58:01 +0000},
	Edition = {Second},
	Isbn = {83-246-0283-6},
	Title = {Nie ka{\.z} mi my{\'s}le{\'c}! O {\.z}yciowym podej{\'s}ciu do funkcjonalno{\'s}ci stron internetowych. },
	Year = {2012}}
