@BOOK{bar,
	    AUTHOR = "Star, R. M.",
	    TITLE = "Foo Bar Baz",
	    PUBLISHER = {MIT Press},
	    ADDRESS = {Cambridge, MA},
	    YEAR = 1989}
@BOOK{bara,
			AUTHOR = "Star, R. M.",
			TITLE = "Foo Bar Baz",
			PUBLISHER = {MIT Press},
			ADDRESS = {Cambridge, MA},
			YEAR = 1989}
@BOOK{barb,
			AUTHOR = "Star, R. M.",
			TITLE = "Foo Bar Baz",
			PUBLISHER = {MIT Press},
			ADDRESS = {Cambridge, MA},
			YEAR = 1989}
